<?xml version="1.0" encoding="UTF-8"?><collection xmlns="http://www.loc.gov/MARC21/slim"><record><leader>00459nam--2200169-i-4500</leader><controlfield tag="001">000034001</controlfield><controlfield tag="002">20161230</controlfield><controlfield tag="005">20170118172646</controlfield><controlfield tag="008">060222s1000------------r-----000-0-eng-d</controlfield><datafield ind1=" " ind2=" " tag="100"><subfield code="a">Morton, G. A</subfield></datafield><datafield ind1=" " ind2=" " tag="245"><subfield code="a">Television. The electronics of image transmission in coloor and monochrome</subfield></datafield><datafield ind1=" " ind2=" " tag="250"><subfield code="a">2nd edition</subfield></datafield><datafield ind1=" " ind2=" " tag="260"><subfield code="a">New York</subfield><subfield code="b">John Wiley</subfield><subfield code="c">1954</subfield></datafield><datafield ind1=" " ind2=" " tag="300"><subfield code="a">XV + 1037 p</subfield></datafield><datafield ind1=" " ind2=" " tag="700"><subfield code="a">Zworykin, V. K</subfield></datafield><datafield ind1=" " ind2=" " tag="852"><subfield code="a">10550</subfield></datafield><datafield ind1=" " ind2=" " tag="CAT"><subfield code="a">SYS</subfield><subfield code="c">20170118</subfield><subfield code="h">172646</subfield></datafield></record></collection>